@Eurostat{eurostat2023,
  title = {Statistics | {{Eurostat}}},
  author = {Eurostat},
  year = {2023},
  urldate = {2023-10-12},
  howpublished = {https://ec.europa.eu/eurostat/databrowser/view/tec00115/default/table?lang=en}
}
